@online{uni_stuttgart,
  author = {Universität Stuttgart -- TIK},
  title = {Universität Stuttgart},
  date = {2023-12},
  url = {https://www.uni-stuttgart.de/},
  urldate = {2023-12-15},
}
